2782 4733
402 363 501 436 33
768 428 777 433 ,
903 351 993 421 L.
1070 345 1445 425 ANNAEI
1525 347 1976 423 SENECAE

403 557 698 630 Ardore
765 575 1017 625 sacrae
1068 553 1373 644 virginis
1422 553 1574 645 jam
1622 532 1781 637 tum
1831 554 2113 627 furens.
2191 614 2200 625 .

403 679 577 750 Non
626 677 839 746 illum
891 672 1216 755 Achilles
1268 673 1476 743 flexit
1524 676 1925 746 indomitus
1985 676 2242 768 mini83

405 803 579 873 Non
628 799 756 868 ille
809 798 1008 867 solus
1059 797 1215 865 fata
1264 799 1393 889 qui
1445 798 1706 877 mundi
1755 798 1979 886 videt,
2171 860 2178 869 .

407 927 498 997 In
550 947 686 991 nos
736 916 974 989 fidelis
1026 942 1300 1019 augur,
1362 921 1444 988 in
1497 931 1747 1012 captas
1797 921 2020 1008 levis3
2255 976 2260 995 .
2349 927 2549 1021 189ν

415 1046 611 1124 Non,
638 1041 956 1136 populus
1010 1062 1230 1132 aeger
1253 1091 1273 1128 ‚
1341 1051 1417 1110 et
1465 1043 1882 1112 relucentes
1933 1040 2115 1132 rogi-
2201 1114 2212 1123 ,

413 1169 620 1242 Inter
668 1166 954 1233 ruentis
1007 1163 1371 1232 Graeciae
1435 1173 1758 1255 stragem
1805 1164 2147 1233 ultimam

417 1288 592 1367 Sine
641 1287 854 1358 hoste
905 1286 1140 1357 victus
1194 1300 1513 1373 marcet,
1567 1310 1653 1355 ac
1705 1285 1988 1357 Veneri
2035 1292 2282 1372 vacat,

405 1406 896 1502 Reparatque
950 1430 1272 1477 amores:
1327 1428 1514 1479 neve
1566 1408 1898 1492 desertus
1921 1384 2148 1476 'foret

416 1528 485 1601 A
534 1531 800 1623 pellice
852 1552 1180 1623 unquam
1227 1528 1566 1619 barbara*
1603 1529 1891 1599 caelebs
1940 1539 2174 1616 torua,
2351 1533 2500 1611 185

417 1649 762 1721 Ablatam
810 1648 1083 1721 Achilli
1134 1649 1367 1743 diligit
1422 1650 1917 1746 Lyrnessida·
2021 1664 2034 1697 x

421 1772 579 1842 Nec
628 1797 895 1864 rapere
943 1776 1207 1866 puduit
1257 1798 1297 1843 e
1337 1776 1505 1845 sinu
1555 1773 1880 1844 avulsam
1925 1773 2088 1844 viri.

424 1894 545 1971 En
578 1892 865 1962 Paridis
896 1892 1221 1965 hostem!
1273 1918 1473 1964 nunc
1501 1916 1776 1964 novum
1801 1892 2078 1971 vulnus
2087 1860 2354 1984 gerens

425 2012 701 2084 Amore
752 2014 1149 2106 Phrygiae
1172 2016 1353 2089 vatis
1404 2017 1751 2084 incensus
1801 2012 2013 2089 furit.

424 2135 525 2204 Et
572 2145 740 2225 post
784 2146 1094 2227 tropaea
1146 2135 1450 2224 Troica,
1504 2160 1590 2205 ac
1640 2160 1937 2208 versum
1985 2138 2228 2226 Ilium,
2295 2232 2304 2237 .
2353 2147 2505 2238 190

428 2255 705 2346 Captae
755 2258 1063 2325 maritus
1115 2269 1434 2347 remeat,
1503 2269 1576 2327 et
1622 2257 1904 2337 Priami
1952 2282 2200 2352 gener.

422 2375 869 2471 Accingere,
924 2383 1198 2452 anime:
1263 2382 1461 2452 bella
1513 2407 1666 2454 non
1714 2381 1907 2476 levia
1956 2405 2300 2476 apparas:

426 2499 681 2572 Scelus
714 2505 1230 2597 occupandum
1259 2515 1389 2575 est.
1439 2506 1673 2599 pigra,
1725 2528 1945 2597 quem
1972 2514 2352 2596 exspectas

920 2697 939 2720 f
1649 2611 1914 2697 diem?

424 2742 735 2838 Pelopia
781 2745 1148 2841 Phrygiae
1185 2760 1484 2843 sceptra
1508 2749 1684 2820 dum
1720 2759 2022 2820 teneant
2062 2771 2293 2817 nurus
2312 2742 2352 2816 ’ἶ

423 2863 545 2934 An
592 2876 667 2936 te
716 2880 1106 2941 morantur
1158 2873 1479 2964 virgines
1531 2871 1791 2940 viduae
1841 2870 2065 2959 domi,
2356 2876 2495 2959 195

424 2986 777 3081 Patrique
830 2989 1136 3082 Orestes
1186 2988 1492 3064 similis?
1513 2992 1829 3062 -horum
1876 3000 1956 3064 te
2001 2992 2197 3061 mala

429 3337 559 3417 187)
597 3341 887 3399 avulsam
910 3342 1085 3416 viri)
1124 3340 1446 3414 avulsam,
1484 3334 1652 3413 quod
1674 3333 1880 3396 invito
1911 3336 2292 3397 abstulisset.
2352 3339 2498 3398 Ho-

615 3453 822 3493 merus
853 3436 924 3495 n.
962 3437 1007 3496 I.
1045 3457 1103 3496 v.
1131 3443 1274 3499 430:

748 3525 862 3609 τήν
884 3537 965 3619 ῥα
1007 3537 1116 3618 βίη
1157 3528 1552 3604 ἀέκοντος
1593 3522 1915 3614 &nnuc-mv

613 3658 774 3730 viri,
812 3655 936 3716 hoc
966 3666 1097 3727 est,
1138 3653 1362 3714 mariti.
1441 3654 1545 3714 Ide
1551 3655 1955 3720 chmerus
1990 3656 2032 3715 I.
2063 3675 2115 3713 c.
2142 3674 2208 3715 v.
2246 3658 2377 3720 348.
2419 3655 2495 3715 de

616 3750 871 3808 ecdem.

746 3840 791 3928 ἦ
821 3841 876 3913 δ’
888 3841 1131 3913 ds’xovo
1167 3841 1296 3931 α’μα
1333 3847 1496 3913 τοῖσι
1531 3840 1727 3931 yvo-r}
1765 3848 1915 3915 κῖεν.

616 3978 724 4038 ubi
751 3976 1139 4042 Eustathius:
1173 3967 1331 4059 ymen*
1357 3974 1623 4057 ἔμφασιν
1652 3971 1798 4059 ἕχον
1830 3972 2208 4052 διαθὼεως,
2244 3972 2325 4055 ἢν
2368 3971 2496 4045 πά-

611 4080 858 4169 σχοι,ἆ”ν
888 4080 1114 4171 ἄλοχος
1144 4075 1559 4165 οἷποσπωμένη
1592 4081 1777 4163 φίλου
1807 4073 2054 4166 ἀνδρός.
2127 4141 2140 4150 ,
